<collection xmlns="http://www.loc.gov/MARC21/slim">
<record>
  <leader>01269nam0a22002531i 450 </leader>
  <controlfield tag="001">IT\ICCU\CNCE\058461</controlfield>
  <controlfield tag="005">20080116000000.0</controlfield>
  <datafield tag="012" ind1=" " ind2=" ">
    <subfield code="a">r,i, s.&amp;o t.am amfu (C) 1597 (R)</subfield>
    <subfield code="2">fei</subfield>
  </datafield>
  <datafield tag="100" ind1=" " ind2=" ">
    <subfield code="a">20040603d1593        0itac0103    ba</subfield>
  </datafield>
  <datafield tag="101" ind1=" " ind2=" ">
    <subfield code="a">LAT</subfield>
  </datafield>
  <datafield tag="102" ind1=" " ind2=" ">
    <subfield code="a">IT</subfield>
  </datafield>
  <datafield tag="200" ind1="1" ind2=" ">
    <subfield code="a">Grammaticae institutiones  ̉Stephano Plazone olim editae. Nunc ad meliorem regulam reformatae. Multis mutatis, sublatis, additisque, prout opportunum videbatur. Vna cum tractatu de generibus nominum, &amp; de formatione praeteritorum grammatices pernecessario</subfield>
  </datafield>
  <datafield tag="210" ind1=" " ind2=" ">
    <subfield code="a">Veronae</subfield>
    <subfield code="c">ex typographia Hieronymi Discipuli</subfield>
    <subfield code="d">1593</subfield>
  </datafield>
  <datafield tag="215" ind1=" " ind2=" ">
    <subfield code="a">\140! c.</subfield>
    <subfield code="d">8ʻ</subfield>
  </datafield>
  <datafield tag="620" ind1=" " ind2=" ">
    <subfield code="a">IT</subfield>
    <subfield code="d">Verona</subfield>
  </datafield>
  <datafield tag="700" ind1=" " ind2="1">
    <subfield code="a">Piazzoni,</subfield>
    <subfield code="b">Stefano</subfield>
    <subfield code="3">IT\ICCU\CNCA\004502</subfield>
  </datafield>
  <datafield tag="712" ind1="0" ind2="0">
    <subfield code="a">Discepolo, Girolamo</subfield>
    <subfield code="3">IT\ICCU\CNCT\000153</subfield>
    <subfield code="4">650</subfield>
  </datafield>
  <datafield tag="790" ind1=" " ind2="1">
    <subfield code="a">Plazo,</subfield>
    <subfield code="b">Stephanus</subfield>
    <subfield code="3">IT\ICCU\CNCA\004908</subfield>
    <subfield code="z">Piazzoni, Stefano</subfield>
  </datafield>
  <datafield tag="790" ind1=" " ind2="1">
    <subfield code="a">Piazzone,</subfield>
    <subfield code="b">Stefano</subfield>
    <subfield code="3">IT\ICCU\CNCA\018771</subfield>
    <subfield code="z">Piazzoni, Stefano</subfield>
  </datafield>
  <datafield tag="791" ind1="0" ind2="0">
    <subfield code="a">Discipulus, Hieronymus</subfield>
    <subfield code="3">IT\ICCU\CNCT\004702</subfield>
    <subfield code="z">Discepolo, Girolamo</subfield>
  </datafield>
  <datafield tag="791" ind1="0" ind2="0">
    <subfield code="a">Discepoli, Gieronimo</subfield>
    <subfield code="3">IT\ICCU\CNCT\004703</subfield>
    <subfield code="z">Discepolo, Girolamo</subfield>
  </datafield>
  <datafield tag="801" ind1=" " ind2="3">
    <subfield code="a">IT</subfield>
    <subfield code="b">ICCU</subfield>
    <subfield code="c">20201115</subfield>
  </datafield>
  <datafield tag="899" ind1=" " ind2=" ">
    <subfield code="a">Biblioteca nazionale Braidense. Milano</subfield>
    <subfield code="1">MI0185</subfield>
    <subfield code="2">MIL NB</subfield>
  </datafield>
  <datafield tag="899" ind1=" " ind2=" ">
    <subfield code="a">Biblioteca dell&apos;Accademia di agricoltura scienze e lettere di Verona. Verona</subfield>
    <subfield code="1">VR0072</subfield>
    <subfield code="2">VIA AA</subfield>
  </datafield>
</record>
</collection>
